<?xml version="1.0" encoding="UTF-8"?><collection xmlns="http://www.loc.gov/MARC21/slim"><record><leader>00463nam--2200157-i-4500</leader><controlfield tag="001">000028668</controlfield><controlfield tag="002">20161230</controlfield><controlfield tag="005">20161230201037</controlfield><controlfield tag="008">060222s1000------------r-----000-0-eng-d</controlfield><datafield ind1=" " ind2=" " tag="080"><subfield code="a">512.8:621.3:519.283</subfield></datafield><datafield ind1=" " ind2=" " tag="100"><subfield code="a">Leonte, Aristide Si Vraciu, George</subfield></datafield><datafield ind1=" " ind2=" " tag="245"><subfield code="a">Elemente de calcul matriceal cu aplicatii</subfield></datafield><datafield ind1=" " ind2=" " tag="260"><subfield code="a">Bucuresti, Ed.Tehnica, 1975, 288p</subfield></datafield><datafield ind1=" " ind2=" " tag="490"><subfield code="a">Seria Matematici Moderne Aplicate</subfield></datafield><datafield ind1=" " ind2=" " tag="852"><subfield code="a">42637</subfield><subfield code="c">512.831</subfield></datafield><datafield ind1=" " ind2=" " tag="CAT"><subfield code="a">Sys</subfield><subfield code="c">20080522</subfield><subfield code="h">131542</subfield></datafield></record></collection>